
@book{nw-ads,
  title={Algorithms and Data Structures},
  author={Wirth, Niklaus},
  year={1986},
  publisher={Prentice-Hall, Incorporated}
}

@book{ahu-dsa,
  author = {Aho, Alfred V. and Hopcroft, John E. and Ullman, Jeffrey},
  title = {Data Structures and Algorithms},
  year = {1983},
  publisher = {Addison-Wesley Longman Publishing Co., Inc.}
}

@book{rs-kw-al,
  title={Algorithms},
  author={Sedgewick, Robert and Wayne, K.},
  year={2011},
  publisher={Pearson Education}
}

@article{LitProgArt,
  author = {Knuth, Donald E.},
  journal = {Comput. J.},
  number = 2,
  pages = {97-111},
  title = {Literate Programming.},
  volume = 27,
  year = 1984
}

@book{LitProgBook,
  author    = {Donald E. Knuth},
  title     = {Literate programming},
  series    = {{CSLI} lecture notes series},
  volume    = {27},
  publisher = {Center for the Study of Language and Information},
  year      = {1992},
  isbn      = {978-0-937073-81-0}
}
